@article{OntanonSURCM13,
      author = {Onta\ {n}\'{o}n, Santiago and Synnaeve, Gabriel and Uriarte, Alberto and Richoux, Florian and Churchill, David and Preuss, Mike},
      title = {A Survey of Real-Time Strategy Game AI Research and Competition in StarCraft},
      journal = {IEEE Transactions on Computational Intelligence and AI in games},
      keywords = {AI real starcraft strategy time},
      ee = {http://dx.doi.org/10.1109/TCIAIG.2013.2286295},
      volume = 5,
      number = 4,
      pages = {1-19},
      year = 2013
} 

@inproceedings{RichouxUO14,
  author={Richoux, Florian and Uriarte, Alberto and Onta\ {n}\'{o}n, Santiago},
  title={Walling in Strategy Games via Constraint Optimization},
  booktitle={AIIDE},
  publisher={The AAAI Press},
  year={2014}
}

@inproceedings{ChurchillB11,
  author = {Churchill, David and Buro, Michael},
  title = {Build order optimization in starcraft},
  booktitle = {AIIDE},
  editor = {Bulitko, Vadim and Riedl, Mark}, 
  publisher = {The AAAI Press},
  ee = {http://www.aaai.org/ocs/index.php/AIIDE/AIIDE11/paper/view/4078},
  pages = {14--19},
  year = {2011}
}

@inproceedings{KuchemPR13,
  author = {Kuchem, Matthias and Preuss, Mike and Rudolph, GÃ¼nter},
  title = {Multi-objective assessment of pre-optimized build orders exemplified for StarCraft 2},
  booktitle = {CIG},
  publisher = {IEEE},
  ee = {http://dx.doi.org/10.1109/CIG.2013.6633626},
  pages = {1-8},
  year = 2013
}

@inproceedings{WeberM09,
  author = {Weber, Ben George and Mateas, Michael},
  title = {Case-Based Reasoning for Build Order in Real-Time Strategy Games},
  booktitle = {AIIDE},
  editor = {Darken, Christian and Youngblood, G. Michael},
  publisher = {The AAAI Press},
  ee = {http://www.aaai.org/ocs/index.php/AIIDE/AIIDE09/paper/view/809},
  year = 2009
}

@inproceedings{ChoKC13,
  author = {Cho, Ho-Chul and Kim, Kyung-Joong and Cho, Sung-Bae},
  title = {Replay-based strategy prediction and build order adaptation for StarCraft AI bots},
  booktitle = {CIG},
  publisher = {IEEE},
  ee = {http://dx.doi.org/10.1109/CIG.2013.6633666},
  pages = {1-7},
  year = 2013
}

@PhDThesis{Blackford14,
  author = {Blackford, Jason},
  title = {Online Build-Order Optimization for Real-Time Stretagy Agents Using Multi-objective Evolutionary Algorithms},
  school = {Air Force Institute of Technology},
  year = {2014}
}

@article{Certicky13,
  author    = {\v{C}ertick\'{y}, Michal},
  title     = {Implementing a Wall-In Building Placement in StarCraft with Declarative Programming},
  journal   = {arXiv},
  ee        = {http://arxiv.org/abs/1306.4460},
  year      = {2013}
}
